//1
@article{Muniandy2024Ransomware,
  author  = {Mahendran Muniandy and Noor Azma Ismail and Abdulaziz Yahya Yahya Al-Nahari and Danny Ngo Lung Yao},
  title   = {Evolution and Impact of Ransomware: Patterns, Prevention, and Recommendations for Organizational Resilience},
  journal = {International Journal of Academic Research in Business and Social Sciences},
  volume  = {14},
  number  = {1},
  year    = {2024},
  month   = {January},
  pages   = {2668--2687},
  doi     = {10.6007/IJARBSS/v14-i1/19803},
  note    = {Accessed: 2024-11-26. Source: [8]}
}

//2
@misc{GovBR_LNCC_Ransomware,
  author = {{Gov.br Laboratório Nacional de Computação Científica}},
  title  = {O que é um Ransomware?},
  year   = {2024},
  month  = {April},
  day    = {25},
  url    = {https://www.gov.br/lncc/pt-br/centrais-de-conteudo/campanhas-de-conscientizacao/gestao-de-seguranca-da-informacao/o-que-e-um-ransomware},
  note   = {Accessed: 2024-11-26. Source: [24]}
}

@misc{CISA_Ransomware101,
  author = {{Cybersecurity and Infrastructure Security Agency (CISA)}},
  title  = {Ransomware 101},
  year   = {2023},
  month  = {May},
  url    = {https://www.cisa.gov/stopransomware/ransomware-101},
  note   = {Accessed: 2024-11-26. Refers to #StopRansomware Guide updated May 2023. Source: [2]}
}

@misc{EAC_RansomwareWhatToDo,
  author = {{U.S. Election Assistance Commission (EAC)}},
  title  = {Ransomware and what to do about it},
  year   = {2016},
  url    = {https://www.eac.gov/sites/default/files/eac_assets/1/6/Ransomware_and_what_to_do_about_it.pdf},
  note   = {Accessed: 2024-11-26. Source: [1]}
}

@article{Robb2024RansomwareHistory,
  author  = {Brenda Robb},
  title   = {The History and Evolution of Ransomware},
  journal = {BlackFog Blog},
  year    = {2024},
  month   = {September},
  day     = {5},
  url     = {https://www.blackfog.com/the-history-and-evolution-of-ransomware/},
  note    = {Last Updated: September 5th, 2024. Accessed: 2024-11-26. Source: [11]}
}

@misc{CyberMaxxRansomwareHistory,
  author = {Connor Jackson},
  title  = {Tracing the History of Ransomware: Major Attacks and Developments},
  year   = {2024},
  month  = {November},
  day    = {25},
  url    = {https://www.cybermaxx.com/resources/tracing-the-history-of-ransomware-major-attacks-and-developments/},
  note   = {Accessed: 2024-11-26. Source: [7]}
}

@misc{WatchGuardAIDSTrojan,
  author = {{WatchGuard Technologies}},
  title  = {Ransomware - AIDS Trojan},
  year   = {2024},
  url    = {https://www.watchguard.com/wgrd-ransomware/aids-trojan},
  note   = {Accessed: 2024-11-26. Source: [9]}
}

@misc{MasterDCRansomwareHowItWorks,
  author = {{MasterDC}},
  title  = {Ransomware: How it Works and What to Do to Prevent it},
  year   = {2024},
  month  = {February},
  day    = {27},
  url    = {https://www.masterdc.com/blog/ransomware-how-it-works-and-what-to-do-to-prevent-it/},
  note   = {Accessed: 2024-11-26. Source: [10]}
}

@techreport{ENISA_ETL_2023,
  author      = {{European Union Agency for Cybersecurity (ENISA)}},
  title       = {{ENISA Threat Landscape 2023}},
  institution = {{European Union Agency for Cybersecurity (ENISA)}},
  year        = {2023},
  month       = {October},
  isbn        = {978-92-9204-645-3},
  doi         = {10.2824/782573},
  url         = {https://www.enisa.europa.eu/publications/enisa-threat-landscape-2023},
  note        = {Reporting period: July 2022 to June 2023. Accessed: 2024-11-26. Source: [5]}
}

@misc{PaloAltoRansomwareAttackMethods,
  author = {{Palo Alto Networks}},
  title  = {Ransomware Common Attack Methods},
  year   = {2024},
  url    = {https://www.paloaltonetworks.com/cyberpedia/ransomware-common-attack-methods},
  note   = {Accessed: 2024-11-26. Source: [20]}
}

@inproceedings{Tanni2022RedAlert,
  author    = {Tangila Islam Tanni and Noah Heikes and Khan Shaikhul Hadi},
  title     = {A Technical Analysis of RedAlert Ransomware - Targeting Virtual Machine Files},
  booktitle = {Proceedings of the ACM Conference on Computer and Communications Security (CCS '22)},
  year      = {2022},
  publisher = {ACM},
  address   = {New York, NY, USA},
  pages     = {1--8},
  doi       = {10.1145/nnnnnnn.nnnnnnn},
  note      = {Source:.[4] The original is a student project paper, so conference details are illustrative.}
}

@article{Casino2025RansomwareDetection,
  author    = {Casino, Fran and Hurley-Smith, Darren and Hernandez-Castro, Julio and Patsakis, Constantinos},
  title     = {Not on my watch: ransomware detection through classification of high-entropy file segments},
  journal   = {Journal of Cybersecurity},
  volume    = {11},
  issue     = {1},
  year      = {2025},
  month     = {April},
  pages     = {tyaf009},
  doi       = {10.1093/cybsec/tyaf009},
  publisher = {Oxford University Press},
  url       = {https://doi.org/10.1093/cybsec/tyaf009},
  note      = {Accessed: 2024-11-26. Source: [25]}
}

@misc{KasperskyRansomwareTypes,
  author = {{Kaspersky Lab}},
  title  = {Ataques e tipos de ransomware},
  year   = {2025},
  url    = {https://www.kaspersky.com.br/resource-center/threats/ransomware-attacks-and-types},
  note   = {Accessed: 2024-11-26. Source: [3]}
}

@misc{CheckpointRansomwareVariants,
  author = {{Check Point Software Technologies}},
  title  = {Different Types of Ransomware and Top Ransomware Variants},
  year   = {2025},
  url    = {https://www.checkpoint.com/cyber-hub/threat-prevention/ransomware/different-types-of-ransomware/},
  note   = {Accessed: 2024-11-26. Source: [12]}
}

@misc{RecordedFutureLockBit,
  author = {{Recorded Future}},
  title  = {What is LockBit Ransomware?},
  year   = {2024},
  month  = {November},
  day    = {25},
  url    = {https://www.recordedfuture.com/threat-intelligence-101/cyber-threats/lockbit-ransomware},
  note   = {Accessed: 2024-11-26. Source: [28]}
}

@misc{AkamaiContiRansomware,
  author = {{Akamai Technologies}},
  title  = {What Is Conti Ransomware?},
  year   = {2024},
  url    = {https://www.akamai.com/glossary/what-is-conti-ransomware},
  note   = {Accessed: 2024-11-26. Source: [29]}
}

@misc{MalwarebytesRyukRansomware,
  author = {{Malwarebytes}},
  title  = {Ryuk ransomware},
  year   = {2024},
  url    = {https://www.malwarebytes.com/ryuk-ransomware},
  note   = {Accessed: 2024-11-26. Source: [30]}
}

@misc{CrowdStrikeRyukAnalysis,
  author = {{CrowdStrike}},
  title  = {Big Game Hunting with Ryuk: Another Lucrative Targeted Ransomware},
  year   = {2019},
  month  = {January},
  day    = {10},
  url    = {https://www.crowdstrike.com/en-us/blog/big-game-hunting-with-ryuk-another-lucrative-targeted-ransomware/},
  note   = {Accessed: 2024-11-26. Source: [27]}
}

@misc{WikipediaWannaCry,
  author = {{Wikipedia contributors}},
  title  = {WannaCry ransomware attack --- {W}ikipedia{,} The Free Encyclopedia},
  year   = {2025},
  month  = {May},
  day    = {10},
  url    = {https://en.wikipedia.org/wiki/WannaCry_ransomware_attack},
  note   = {Accessed: 2024-11-26. Source: [13]}
}

@misc{StateDeptREvil,
  author = {{U.S. Department of State, Bureau of International Narcotics and Law Enforcement Affairs}},
  title  = {Sodinokibi Ransomware as a Service (RaaS) Transnational Organized Crime Rewards Program},
  year   = {2021},
  month  = {November},
  day    = {8},
  url    = {https://www.state.gov/transnational-organized-crime-rewards-program-2/sodinokibi-ransomware-as-a-service-raas/},
  note   = {Accessed: 2024-11-26. Source: [32]}
}

@misc{PicusLabsREvilKaseya,
  author = {{Picus Labs}},
  title  = {TTPs Used by REvil (Sodinokibi) Ransomware Gang in Kaseya MSP Supply-Chain Attack},
  year   = {2023},
  month  = {March},
  day    = {24},
  url    = {https://www.picussecurity.com/resource/blog/revil-sodinokibi-ransomware-kaseya-vsa-msp-supply-chain-attack},
  note   = {Accessed: 2024-11-26. Source: [23]}
}

@misc{ThreatDownALPHVBlackCat,
  author = {{ThreatDown by Malwarebytes}},
  title  = {What is ALPHV/BlackCat Ransomware?},
  year   = {2025},
  url    = {https://www.threatdown.com/glossary/what-is-alphv-blackcat-ransomware/},
  note   = {Accessed: 2024-11-26. Source: [14]}
}

@misc{AkamaiBlackCatRansomware,
  author = {{Akamai Technologies}},
  title  = {What Is BlackCat Ransomware?},
  year   = {2024},
  url    = {https://www.akamai.com/glossary/what-is-blackcat-ransomware},
  note   = {Accessed: 2024-11-26. Source: [15]}
}

@misc{ThreatDownClopCleo,
  author = {Pieter Arntz},
  title  = {Cleo, the next MOVEit and GoAnywhere?},
  year   = {2024},
  month  = {December},
  day    = {17},
  url    = {https://www.threatdown.com/blog/cleo-the-next-moveit-and-goanywhere/},
  note   = {Accessed: 2024-11-26. Source: [33]}
}

@misc{KolideMOVEitHack,
  author = {{Kolide}},
  title  = {The MOVEit Hack: The Ransomware Attacks Explained},
  year   = {2023},
  url    = {https://www.kolide.com/blog/moveit-hack-the-ransomware-attacks-explained},
  note   = {Accessed: 2024-11-26. Source: [34]}
}

@misc{KasperskyRansomwareReport2025,
  author = {{Kaspersky Lab}},
  title  = {Kaspersky State of Ransomware Report 2025: Global and regional insights for International Anti-Ransomware Day},
  year   = {2025},
  month  = {May},
  day    = {7},
  url    = {https://www.kaspersky.com/about/press-releases/kaspersky-state-of-ransomware-report-2025-global-and-regional-insights-for-international-anti-ransomware-day},
  note   = {Accessed: 2024-11-26. See also: https://securelist.com/state-of-ransomware-in-2025/116475/. Source: [16]}
}

@misc{MandiantGoogleCloudRansomware2023,
  author = {Bavi Sadayappan and Zach Riddle and Jordan Nuce and Joshua Shilko and Jeremy Kennelly},
  title  = {Ransomware Rebounds: Extortion Threat Surges in 2023, Attackers Rely on Publicly Available and Legitimate Tools},
  year   = {2024},
  month  = {June},
  day    = {3},
  url    = {https://cloud.google.com/blog/topics/threat-intelligence/ransomware-attacks-surge-rely-on-public-legitimate-tools},
  note   = {Accessed: 2024-11-26. Source: [17]}
}

@misc{SeguraIRP,
  author = {Robert O’Shaughnessy},
  title  = {Plano de Resposta a Incidentes: O que é e como criar um para sua empresa},
  year   = {2025},
  month  = {March},
  day    = {21},
  url    = {https://segura.security/pt-br/post/plano-de-resposta-a-incidentes},
  note   = {Accessed: 2024-11-26. Source: [53]}
}

@misc{NIST_IR_8374_Rev1_Draft,
  author      = {{National Institute of Standards and Technology (NIST)}},
  title       = {Ransomware Risk Management: A Cybersecurity Framework 2.0 Community Profile (Initial Public Draft)},
  institution = {National Cybersecurity Center of Excellence (NCCoE)},
  series      = {NIST Interagency Report (NIST IR) 8374 Revision 1},
  year        = {2025},
  month       = {January},
  day         = {13},
  url         = {https://csrc.nist.gov/pubs/ir/8374/r1/ipd},
  note        = {Accessed: 2024-11-26. Comment period open until March 14, 2025. Source: [57, 58, 59]}
}

@misc{DeloittePhishingRansomware,
  author = {{Deloitte}},
  title  = {Phishing and ransomware: How to prevent these evolving threats from impacting your business},
  year   = {2017},
  url    = {https://www.deloitte.com/lu/en/services/consulting-risk/research/phishing-ransomware-how-to-prevent-threats.html},
  note   = {Accessed: 2024-11-26. Source: [35]}
}

@misc{SANS_OT_Ransomware_Webcast,
  author = {{SANS Institute}},
  title  = {OT Ransomware on the Rise – How to Protect Your Operations and Business},
  year   = {2025},
  month  = {May},
  day    = {16},
  url    = {https://www.sans.org/webcasts/ot-ransomware-rise-how-protect-your-operations-business/},
  note   = {Accessed: 2024-11-26. Webcast announcement. Source: [55]}
}

@misc{ExabeamSANS_IRP,
  author = {{Exabeam}},
  title  = {SANS Incident Response 6-Step Process & Critical Best Practices},
  year   = {2024},
  url    = {https://www.exabeam.com/explainers/incident-response/sans-incident-response-6-step-process-critical-best-practices/},
  note   = {Accessed: 2024-11-26. Source: [43]}
}

@misc{CloudflarePreventRansomware,
  author = {{Cloudflare}},
  title  = {Como prevenir o ransomware?},
  year   = {2025},
  url    = {https://www.cloudflare.com/pt-br/learning/security/ransomware/how-to-prevent-ransomware/},
  note   = {Accessed: 2024-11-26. Source: [41]}
}

@misc{MicrosoftRansomwarePrepare,
  author = {{Microsoft Learn}},
  title  = {Preparar-se para um ataque de ransomware},
  year   = {2025},
  month  = {April},
  day    = {30},
  url    = {https://learn.microsoft.com/pt-br/azure/security/fundamentals/ransomware-prepare},
  note   = {Accessed: 2024-11-26. Source: [66]}
}

@misc{MicrosoftRansomwareBackupRecoveryPlan,
  author = {{Microsoft Learn}},
  title  = {Prepare-se para ataques de ransomware com um plano de backup e recuperação},
  year   = {2025},
  month  = {April},
  day    = {7},
  url    = {https://learn.microsoft.com/pt-br/security/ransomware/protect-against-ransomware-phase1},
  note   = {Accessed: 2024-11-26. Source: [46]}
}

@misc{VeeamRansomwareResponsePlan,
  author = {{Veeam}},
  title  = {Plano de resposta a ransomware de 6 etapas},
  year   = {2025},
  month  = {February},
  day    = {5},
  url    = {https://www.veeam.com/blog/pt/ansomware-response-plan.html},
  note   = {Accessed: 2024-11-26. Source: [44]}
}

@misc{KnowBe4TrainingCampaign,
  author = {{KnowBe4 Support}},
  title  = {Guia de melhores práticas: Criar sua primeira campanha de treinamento},
  year   = {2025},
  month  = {March},
  day    = {11},
  url    = {https://support.knowbe4.com/hc/pt-br/articles/115010187647-Guia-de-melhores-pr%C3%A1ticas-Criar-sua-primeira-campanha-de-treinamento},
  note   = {Accessed: 2024-11-26. Source: [36]}
}

@misc{IndustrialCyberNIST_CSF2_Ransomware,
  author = {{Industrial Cyber}},
  title  = {NIST seeks input on draft Ransomware Community Profile reflecting CSF 2.0 enhancements},
  year   = {2025},
  month  = {January},
  day    = {15},
  url    = {https://industrialcyber.co/nist/nist-seeks-input-on-draft-ransomware-community-profile-reflecting-csf-2-0-enhancements/},
  note   = {Accessed: 2024-11-26. Source: [56]}
}

@misc{PureStorageRansomwareMitigation,
  author = {{Pure Storage}},
  title  = {As 4 principais estratégias de mitigação de ransomware},
  year   = {2025},
  month  = {January},
  day    = {21},
  url    = {https://blog.purestorage.com/pt-br/purely-educational/top-4-ransomware-mitigation-strategies/},
  note   = {Accessed: 2024-11-26. Source: [37]}
}

@misc{EskiveIRPExecutiveTraining,
  author = {{Eskive Blog}},
  title  = {Plano de resposta a incidentes: o que é e como treinar executivos},
  year   = {2025},
  month  = {February},
  day    = {20},
  url    = {https://blog.eskive.com/pt-br/plano-de-resposta-a-incidentes-o-que-e-como-treinar-executivos},
  note   = {Accessed: 2024-11-26. Source: [38]}
}

@misc{CISA_MS_ISAC_Ransomware_Guide_2023,
  author = {{Cybersecurity and Infrastructure Security Agency (CISA) and Multi-State Information Sharing & Analysis Center (MS-ISAC)}},
  title  = {Ransomware Guide},
  year   = {2023},
  month  = {January},
  url    = {https://www.cisa.gov/sites/default/files/2023-01/CISA_MS-ISAC_Ransomware%20Guide_S508C.pdf},
  note   = {Accessed: 2024-11-26. This is the full guide. Source: [40]}
}

@techreport{NIST_SP_1800_11,
  author      = {{National Institute of Standards and Technology (NIST)}},
  title       = {{Data Integrity: Recovering from Ransomware and Other Destructive Events}},
  institution = {{National Cybersecurity Center of Excellence (NCCoE), National Institute of Standards and Technology}},
  series      = {{NIST Special Publication}},
  number      = {{1800-11}},
  year        = {2018},
  url         = {https://www.nccoe.nist.gov/projects/building-blocks/data-integrity/recovering-from-ransomware},
  note        = {Accessed: 2024-11-26. Source: [67]}
}

@techreport{IST_Ransomware_Defense_Action_Plan,
  author = {{Institute for Security and Technology (IST) Ransomware Task Force}},
  title  = {Plano de ação de defesa contra o ransomware},
  year   = {2022},
  month  = {September},
  url    = {https://securityandtechnology.org/wp-content/uploads/2024/09/Plano-de-acao-de-defesa-contra-o-ransomware-IST.pdf},
  note   = {Accessed: 2024-11-26. Source: [47]}
}

@misc{NoMoreRansomTools,
  author = {{NoMoreRansom.org}},
  title  = {Decryption Tools},
  year   = {2024},
  url    = {https://www.nomoreransom.org/en/decryption-tools.html},
  note   = {Accessed: 2024-11-26. Source: [69]}
}

@misc{BitdefenderRansomwareRecognition,
  author = {{Bitdefender Labs}},
  title  = {Bitdefender Ransomware Recognition Tool},
  year   = {2024},
  url    = {https://www.bitdefender.com/en-gb/blog/labs/bitdefender-ransomware-recognition-tool},
  note   = {Accessed: 2024-11-26. Source: [64]}
}

@misc{AvastRansomwareDecryptionTools,
  author = {{Avast}},
  title  = {Free Ransomware Decryption Tools},
  year   = {2025},
  url    = {https://www.avast.com/en-us/ransomware-decryption-tools},
  note   = {Accessed: 2024-11-26. Source: [65]}
}

@misc{MicrosoftOneDriveRecovery,
  author = {{Microsoft Support}},
  title  = {Ransomware detection and recovering your files},
  year   = {2024},
  url    = {https://support.microsoft.com/en-us/office/ransomware-detection-and-recovering-your-files-0d90ec50-6bfd-40f4-acc7-b8c12c73637f},
  note   = {Accessed: 2024-11-26. Source: [68, 76]}
}

@misc{ESET_Ransomware_Reversal,
  author = {{ESET}},
  title  = {Como reverter os efeitos de um ataque de ransomware?},
  year   = {2025},
  month  = {March},
  day    = {31},
  url    = {https://www.eset.com/br/blog/produtos/como-reverter-os-efeitos-de-um-ataque-de-ransomware/},
  note   = {Accessed: 2024-11-26. Source: [49]}
}

@misc{3structureCyberAttackRecovery,
  author = {{3Structure}},
  title  = {Recuperação de dados e sistemas após um ataque cibernético},
  year   = {2025},
  month  = {April},
  day    = {15},
  url    = {https://3structure.com.br/recuperacao-de-dados-e-sistemas-apos-um-ataque-cibernetico/},
  note   = {Accessed: 2024-11-26. Source: [63]}
}

@misc{StorcenterRansomwareDataRecovery,
  author = {{Storcenter}},
  title  = {Recuperação de Dados Após Ataque de Ransomware: Guia Completo},
  year   = {2024},
  url    = {https://www.storcenter.com.br/post/como-recuperar-dados-apos-um-ataque-de-ransomware},
  note   = {Accessed: 2024-11-26. Source: [50]}
}

@techreport{NIST_SP_800_61r3,
  author      = {Nelson, Alexander and Rekhi, Sanjay and Souppaya, Murugiah and Scarfone, Karen},
  title       = {Incident Response Recommendations and Considerations for Cybersecurity Risk Management: A CSF 2.0 Community Profile},
  institution = {National Institute of Standards and Technology},
  series      = {NIST Special Publication (SP)},
  number      = {800-61r3},
  year        = {2025},
  month       = {April},
  doi         = {10.6028/NIST.SP.800-61r3},
  url         = {https://doi.org/10.6028/NIST.SP.800-61r3},
  note        = {Accessed: 2024-11-26. Source: [54, 80, 81, 82]}
}

@misc{SophosStateOfRansomware2024,
  author = {{Sophos}},
  title  = {The State of Ransomware 2024},
  year   = {2024},
  url    = {https://www.sophos.com/en-us/content/state-of-ransomware},
  note   = {Accessed: 2024-11-26. Source: [51]}
}

@misc{SprintoRansomwareStats2025,
  author = {{Sprinto}},
  title  = {The State Of Ransomware Attacks: Top Ransomware Statistics 2025},
  year   = {2024},
  url    = {https://sprinto.com/blog/ransomware-statistics/},
  note   = {Accessed: 2024-11-26. Source: [52]}
}

@misc{MorphisecRansomwareTrendsSept2024Mar2025,
  author = {{Morphisec}},
  title  = {Ransomware Trends & Notable Attacks in the Last Six Months (September 2024 - March 2025)},
  year   = {2025},
  url    = {https://www.morphisec.com/blog/ransomware-trends-notable-attacks-last-six-months/},
  note   = {Accessed: 2024-11-26. Source: [83]}
}

@misc{CMAllianceCyberAttacksApril2025,
  author = {{Cyber Management Alliance}},
  title  = {April 2025: Major Cyber Attacks, Ransomware Attacks and Data Breaches},
  year   = {2025},
  month  = {April},
  url    = {https://www.cm-alliance.com/cybersecurity-blog/april-2025-major-cyber-attacks-ransomware-attacks-and-data-breaches},
  note   = {Accessed: 2024-11-26. Source: [84]}
}

@misc{ENISA_Threat_Landscape_Finance_2024,
  author = {{European Union Agency for Cybersecurity (ENISA)}},
  title  = {ENISA Threat Landscape: Finance Sector},
  year   = {2024},
  url    = {https://circle.cloudsecurityalliance.org/discussion/enisa-threat-landscape-finance-sector-1},
  note   = {Accessed: 2024-11-26. Original report likely on ENISA website. Source: [61]}
}

@misc{VerizonDBIR2025,
  author = {{Verizon Business}},
  title  = {Verizon's 2025 Data Breach Investigations Report: Alarming surge in cyberattacks through third-parties},
  year   = {2025},
  url    = {https://www.verizon.com/about/news/2025-data-breach-investigations-report},
  note   = {Accessed: 2024-11-26. Source:.[21] Also see [77] for Rhymetec summary.}
}

@misc{IBM_Cost_Data_Breach_2024_Summary_BigID,
  author = {{BigID}},
  title  = {The 8 Hidden Costs of a Data Breach: Insights from the 2024 IBM Report},
  year   = {2024},
  url    = {https://bigid.com/blog/2024-ibm-report-data-breach-insights/},
  note   = {Accessed: 2024-11-26. Summarizes IBM's 2024 report, which states global average cost hit $4.88M in 2024. Source: [75, 78]}
}

@techreport{ChainalysisCryptoCrimeReport2025,
  author = {{Chainalysis}},
  title  = {The 2025 Crypto Crime Report},
  year   = {2025},
  month  = {February},
  url    = {https://www.chainalysis.com/wp-content/uploads/2025/02/the-2025-crypto-crime-report-release.pdf},
  note   = {Accessed: 2024-11-26. Data for 2024. Source: [79]}
}

@misc{ICO_Ransomware_Data_Protection,
  author = {{Information Commissioner's Office (ICO)}},
  title  = {Ransomware and data protection compliance},
  year   = {2024},
  url    = {https://ico.org.uk/for-organisations/uk-gdpr-guidance-and-resources/security/a-guide-to-data-security/ransomware-and-data-protection-compliance/},
  note   = {Accessed: 2024-11-26. Source: [42]}
}

@misc{ComplexDiscovery_ENISA_Ransomware_Report,
  author = {{ComplexDiscovery}},
  title  = {The Tip of the Iceberg? New ENISA Report on Threat Landscape for Ransomware Attacks},
  year   = {2021},
  url    = {https://complexdiscovery.com/the-tip-of-the-iceberg-new-enisa-report-on-threat-landscape-for-ransomware-attacks/},
  note   = {Accessed: 2024-11-26. Cites an older ENISA report but lists general recommendations. Source: [62]}
}

@misc{FBIRansomwarePage,
  author = {{Federal Bureau of Investigation (FBI)}},
  title  = {Ransomware},
  year   = {2025},
  url    = {https://www.fbi.gov/how-we-can-help-you/scams-and-safety/common-frauds-and-scams/ransomware},
  note   = {Accessed: 2024-11-26. Source: [71]}
}

@misc{MacriumDontPayRansom,
  author = {{Macrium Software}},
  title  = {The Experts Say Don't Pay The Ransom!},
  year   = {2024},
  url    = {https://www.macrium.com/blog/dont-pay-ransom-what-experts-say-about-responding-to-extortion},
  note   = {Accessed: 2024-11-26. Cites various agencies. Source: [72]}
}

@misc{CyberEdgeCDR2025,
  author = {{CyberEdge Group}},
  title  = {Only Half of Ransomware Victims Recover Data After Paying, Finds CyberEdge Group's 2025 Cyberthreat Defense Report},
  year   = {2025},
  month  = {April},
  day    = {15},
  url    = {https://www.businesswire.com/news/home/20250415839378/en/Only-Half-of-Ransomware-Victims-Recover-Data-After-Paying-Finds-CyberEdge-Groups-2025-Cyberthreat-Defense-Report},
  note   = {Accessed: 2024-11-26. Source: [73]}
}

@misc{HalcyonFinancialImpactRansomware,
  author = {{Halcyon}},
  title  = {Beyond Ransoms: The Financial Impact of Ransomware Attacks},
  year   = {2024},
  url    = {https://www.halcyon.ai/blog/beyond-ransoms-the-financial-impact-of-ransomware-attacks},
  note   = {Accessed: 2024-11-26. Source: [74]}
}

@misc{RecordedFutureRDPExploits,
  author = {{Recorded Future}},
  title  = {Ransomware Attack Vectors},
  year   = {2024},
  url    = {https://www.recordedfuture.com/threat-intelligence-101/cyber-threats/ransomware-attack-vectors},
  note   = {Accessed: 2024-11-26. Source: [19]}
}

@misc{ResearchGateRansomwareInfectionVector,
  author = {{ResearchGate (various authors, specific paper not fully identified in snippet)}},
  title  = {Ransomware infection vector (Figure from a research paper)},
  year   = {2024},
  url    = {https://www.researchgate.net/figure/Ransomware-infection-vector_fig2_336339807},
  note   = {Accessed: 2024-11-26. Snippet refers to multiple papers. Source: [18]}
}

@techreport{ENISA_ETL_2021,
  author      = {{European Union Agency for Cybersecurity (ENISA)}},
  title       = {{ENISA Threat Landscape 2021}},
  institution = {{European Union Agency for Cybersecurity (ENISA)}},
  year        = {2021},
  month       = {October},
  url         = {https://www.enisa.europa.eu/publications/enisa-threat-landscape-2021},
  note        = {Accessed: 2024-11-26. Source: [22]}
}

@misc{WikipediaLockBit,
  author = {{Wikipedia contributors}},
  title  = {LockBit --- {W}ikipedia{,} The Free Encyclopedia},
  year   = {2025},
  url    = {https://en.wikipedia.org/wiki/LockBit},
  note   = {Accessed: 2024-11-26. Source: [26]}
}

@misc{WikipediaEternalBlue,
  author = {{Wikipedia contributors}},
  title  = {EternalBlue --- {W}ikipedia{,} The Free Encyclopedia},
  year   = {2024},
  url    = {https://en.wikipedia.org/wiki/EternalBlue},
  note   = {Accessed: 2024-11-26. Source: [31]}
}

@misc{NoMoreRansomLockBit3CheckerGuide,
  author  = {{NoMoreRansom.org}},
  title   = {Decryption Checker for Lockbit 3.0 Ransomware Guide},
  version = {0.5},
  year    = {2024},
  url     = {https://www.nomoreransom.org/uploads/Decryption_Checker_for_LockBit_Guide.pdf},
  note    = {Accessed: 2024-11-26. Source: [70]}
}

@misc{CISACPGExcerpt,
  author = {{Cybersecurity and Infrastructure Security Agency (CISA)}},
  title  = {#StopRansomware Guide Excerpt - Cybersecurity Performance Goals (CPGs)},
  year   = {2023},
  url    = {https://national.clla.org/wp-content/uploads/2023/Eastern2023/PresentationOne/01-CISA-Stop-Ransomware-Guide-Excerpt.pdf},
  note   = {Accessed: 2024-11-26. Source: [48]}
}

@misc{ENISAThreatLandscapeOverview,
  author = {{European Union Agency for Cybersecurity (ENISA)}},
  title  = {ENISA Threat Landscape},
  year   = {2024},
  url    = {https://www.enisa.europa.eu/topics/cyber-threats/threat-landscape},
  note   = {Accessed: 2024-11-26. Source: [6]}
}

@misc{CISAStopRansomwareHomepage,
  author = {{Cybersecurity and Infrastructure Security Agency (CISA)}},
  title  = {StopRansomware.gov},
  year   = {2024},
  url    = {https://www.cisa.gov/stopransomware},
  note   = {Accessed: 2024-11-26. Source: [39]}
}